%Книга с номером издания
@book{Kotel04,
 author = {Котельников, И. А. and Чеботаев, П. З.},
 title = {\LaTeX{} по-русски},
 address = {Новосибирск},
 edition = {3-е издание, перераб. и доп.},
 publisher = {Сибирский хронограф},
 year = {2004},
 numpages = {469},
 language = {russian},
}

%Статья из журнала
@article{Kaz11,
 author = {Казимиров, А. С. and Реймеров, С. Ю.},
 title = {Генетический алгоритм поиска минимальных полиномиальных представлений систем булевых функций},
 journal = {Известия Иркутского государственного университета. Серия: Математика},
 year = {2011},
 volume = {4},
 number = {4},
 pages = {82-86},
 language = {russian},
}

%Ссылка на online-ресурс
@online{wiki:latex,
 author = {Wikipedia},
 title = {{\LaTeX} --- Wikipedia{,} The Free Encyclopedia},
 year = {2013},
 url = {http://en.wikipedia.org/wiki/LaTeX},
 urldate = {01.12.2013}, 
 language = {russian},
}



@book{cher,
author = {Черемушкин, А. В.},
title = {Криптографические протоколы. Основные свойства и уязвимости},
language = {russian},
address={М.},
publisher = {Издательский центр <<Академия>>},
numpages = {272},
year = {2009},
}

@book{panasenko,
author = {Панасенко, С. П.},
title = {Алгоритмы шифрования. Специальный справочник},
language = {russian},
address = {СПб.},
publisher = {БХВ-Петербург},
numpages = {576},
year = {2009},
}

@book{vasilenko,
author = {Василенко, О. Н.},
title = {Теоритико-числовые алгоритмы в криптографии},
language = {russian},
address = {М.},
publisher = {МЦНМО},
numpages = {336},
year = {2006},
}

@book{smart,
author = {Смарт Н.},
title = {Криптография},
language = {russian},
address = {М.},
publisher = {Техносфера},
numpages = {528},
year = {2006},
}

%Сложные online-ссылки
@online{netbeans,
author = "NetBeans",
title = "Welcome to NetBeans",
url = "http://netbeans.org/",
language = "russian",
urldate = "10.01.2013",
year = "2013",
}

@online{W3Schools:html,
author = "W3Schools",
title = "HTML Tutorial",
url = "http://www.w3schools.com/html/",
language = "russian",
urldate = "10.01.2013",
year = "2013",
}

@online{W3Schools:mediatypes,
author = "W3Schools",
title = "CSS Media Types",
url = {http://www.w3schools.com/css/css_mediatypes.asp},
language = "russian",
urldate = "10.01.2013",
year = "2013",
}

@online{W3Schools:form,
author = "W3Schools",
title = "HTML form Tag",
url = "http://www.w3schools.com/tags/tag_form.asp",
language = "russian",
urldate = "10.01.2013",
year = "2013",
}
